<?xml version="1.0" encoding="UTF-8"?><collection xmlns="http://www.loc.gov/MARC21/slim"><record><leader>00497nam--2200181-i-4500</leader><controlfield tag="001">000045719</controlfield><controlfield tag="002">20161230</controlfield><controlfield tag="005">20161230201045</controlfield><controlfield tag="008">060222s1000------------r-----000-0-fre-d</controlfield><datafield ind1=" " ind2=" " tag="040"><subfield code="a">IFIN-HH</subfield></datafield><datafield ind1=" " ind2=" " tag="041"><subfield code="a">fre</subfield></datafield><datafield ind1=" " ind2=" " tag="080"><subfield code="a">539.143.42(043)</subfield></datafield><datafield ind1="1" ind2=" " tag="100"><subfield code="a">Troudet,Thierry</subfield></datafield><datafield ind1="1" ind2="0" tag="245"><subfield code="a">Etude microscopique des noyaux legeres en rotation rapide</subfield><subfield code="b">These</subfield><subfield code="c">Thierry troudet</subfield></datafield><datafield ind1=" " ind2=" " tag="260"><subfield code="a">Grenoble</subfield><subfield code="b">Universite</subfield><subfield code="c">1979</subfield></datafield><datafield ind1=" " ind2=" " tag="300"><subfield code="a">123 P.+ 30 FIG</subfield></datafield><datafield ind1=" " ind2=" " tag="852"><subfield code="a">49712</subfield><subfield code="c">539.14</subfield></datafield><datafield ind1=" " ind2=" " tag="CAT"><subfield code="a">Sys</subfield><subfield code="c">20120404</subfield><subfield code="h">120732</subfield></datafield></record></collection>